@article {Ts03,
    AUTHOR = {Tsitsiklis, John N.},
     TITLE = {On the convergence of optimistic policy iteration},
   JOURNAL = {J. Mach. Learn. Res.},
  FJOURNAL = {Journal of Machine Learning Research (JMLR)},
    VOLUME = {3},
      YEAR = {2003},
    NUMBER = {1},
     PAGES = {59--72},
      ISSN = {1532-4435},
   MRCLASS = {90C40 (68T05 90C15)},
  MRNUMBER = {1966053},
MRREVIEWER = {Aleksey B. Piunovski\u\i },
       DOI = {10.1162/153244303768966102},
       URL = {https://doi.org/10.1162/153244303768966102},
}

@book{BertsekasTsitsiklis96,
	address = {Belmont, MA},
	author = {Bertsekas, Dimitri P. and Tsitsiklis, John N.},
	biburl = {https://www.bibsonomy.org/bibtex/219e84aaacaf689cde6190fe14ba5a337/brian.mingus},
	booktitle = {Neuro-dynamic programming.},
	description = {CCNLab BibTeX},
	interhash = {2fbe138b7b864bc58d95999e69b5d45b},
	intrahash = {19e84aaacaf689cde6190fe14ba5a337},
	keywords = {nnets},
	publisher = {Athena Scientific},
	timestamp = {2008-09-16T23:39:21.000+0200},
	title = {Neuro-dynamic programming.},
	year = 1996
}

@book{SuttonBarto,
	author = {Sutton, Richard S. and Barto, Andrew G.},
	title = {Introduction to Reinforcement Learning},
	year = {1998},
	isbn = {0262193981},
	edition = {1st},
	publisher = {MIT Press},
	address = {Cambridge, MA, USA},
} 

@book{BeT89,
	author = {Bertsekas, Dimitri P. and Tsitsiklis, John N.},
	title = {Parallel and Distributed Computation: Numerical Methods},
	year = {1989},
	isbn = {0-13-648700-9},
	publisher = {Prentice-Hall, Inc.},
	address = {Upper Saddle River, NJ, USA},
} 

@article{BeT91,
	author = {Bertsekas, Dimitri P. and Tsitsiklis, John N.},
	title = {An Analysis of Stochastic Shortest Path Problems},
	journal = {Math. Oper. Res.},
	issue_date = {Aug. 1991},
	volume = {16},
	number = {3},
	month = aug,
	year = {1991},
	issn = {0364-765X},
	pages = {580--595},
	numpages = {16},
	url = {http://dx.doi.org/10.1287/moor.16.3.580},
	doi = {10.1287/moor.16.3.580},
	acmid = {119204},
	publisher = {INFORMS},
	address = {Institute for Operations Research and the Management Sciences (INFORMS), Linthicum, Maryland, USA},
} 

@book{Be00,
	author = {Bertsekas, Dimitri P.},
	title = {Dynamic Programming and Optimal Control},
	year = {2000},
	isbn = {1886529094},
	edition = {2nd},
	publisher = {Athena Scientific},
} 

@book{SuBa
	author = {Sutton, Richard S. and Barto, Andrew G.},
	title = {Introduction to Reinforcement Learning},
	year = {1998},
	isbn = {0262193981},
	edition = {1st},
	publisher = {MIT Press},
	address = {Cambridge, MA, USA},
} 
